<record><leader>00000cas a22000007a 4500</leader><controlfield tag="001">14780907</controlfield><controlfield tag="008">861120d18991965pauwr ne      0    0eng d</controlfield><datafield ind1=" " ind2=" " tag="010"><subfield code="a">sn 87080297 </subfield></datafield><datafield ind1=" " ind2=" " tag="040"><subfield code="a">NPH</subfield><subfield code="b">eng</subfield><subfield code="c">NPH</subfield><subfield code="d">OCLCQ</subfield></datafield><datafield ind1=" " ind2=" " tag="042"><subfield code="a">msc</subfield></datafield><datafield ind1="0" ind2=" " tag="130"><subfield code="a">Clarion republican (Clarion, Pa. : 1899)</subfield></datafield><datafield ind1="1" ind2="0" tag="245"><subfield code="a">Clarion republican.</subfield></datafield><datafield ind1=" " ind2=" " tag="260"><subfield code="a">Clarion, Pa. :</subfield><subfield code="b">W.C. Miltenberger,</subfield><subfield code="c">1899-1965.</subfield></datafield><datafield ind1=" " ind2=" " tag="300"><subfield code="a">v.</subfield></datafield><datafield ind1=" " ind2=" " tag="310"><subfield code="a">Weekly</subfield></datafield><datafield ind1="0" ind2=" " tag="362"><subfield code="a">Vol. 31, no. 16 (Jan. 5, 1899)- ; -125th yr., no. 44 (Aug. 5, 1965).</subfield></datafield><datafield ind1=" " ind2=" " tag="525"><subfield code="a">Supplements accompany some issues.</subfield></datafield><datafield ind1=" " ind2=" " tag="580"><subfield code="a">Absorbed: Knox herald (Knox, Pa.), Apr. 30, 1939.</subfield></datafield><datafield ind1=" " ind2=" " tag="752"><subfield code="a">United States</subfield><subfield code="b">Pennsylvania</subfield><subfield code="c">Clarion</subfield><subfield code="d">Clarion.</subfield></datafield><datafield ind1="0" ind2="0" tag="780"><subfield code="t">Clarion republican-gazette</subfield><subfield code="w">(DLC)sn 89077626</subfield></datafield><datafield ind1="1" ind2="5" tag="780"><subfield code="t">Knox herald (Knox, Pa.)</subfield><subfield code="w">(DLC)sn 88079455</subfield></datafield><datafield ind1="0" ind2="0" tag="785"><subfield code="t">Republican (Clarion, Pa.)</subfield><subfield code="w">(DLC)sn 87080296</subfield></datafield></record>